@misc{zolertia-remote:shop,
  key          = {Zolertia RE-Mote},
  title        = {{Zolertia RE-Mote}},
  howpublished = "\url{https://zolertia.io/product/re-mote/}",
  organisation = {Zolertia},
  note         = "[Accès en ligne le 14 juin 2021]"
}

@manual{zolertia-remote:datasheet,
    key           = {Zolertia RE-Mote datasheet},
    organization  = "Zolertia",
    title         = "Zolertia RE-Mote Revision B Internet of Things hardware development platform, for 2.4-GHz and 863-950MHz IEEE 802.15.4, 6LoWPAN and ZigBee® Applications",
    year          =  2016,
    month         =  9,    
    note          = "v.1.0.0"
}

@misc{rn2483:shop,
  key          = {RN2483},
  title        = {{RN2483.}},
  howpublished = "\url{https://www.microchip.com/wwwproducts/en/RN2483}",
  organisation = {Microchip},
  note         = "[Accès en ligne le 14 juin 2021]"
}

@manual{rn2483:datasheet,
    key           = {RN2483 datasheet},
    organization  = "Microchip",
    title         = "Low-Power Long Range LoRa ® Technology Transceiver Module",
    year          =  2020,
    month         =  6,    
    note          = "Rev. E"
}

@misc{raspberry:shop,
  key          = {Raspberry},
  title        = {{Raspberry Pi 3 Model B+}},
  howpublished = "\url{https://www.raspberrypi.org/products/raspberry-pi-3-model-b-plus/}",
  organisation = {Raspberry Pi Foundation},
  note         = "[Accès en ligne le 15 juin 2021]"
}

@misc{contiki-repo:old,
  key          = {Contiki},
  title        = {{The Contiki Operating System}},
  howpublished = "\url{https://github.com/contiki-os/contiki}",
  organisation = {Contiki-OS},
  note         = "[Accès en ligne le 15 juin 2021]"
}

@misc{contiki-repo:ng,
  key          = {ContikiNG},
  title        = {{Contiki-NG: The OS for Next Generation IoT Devices}},
  howpublished = "\url{https://github.com/contiki-ng/contiki-ng}",
  organisation = {Contiki-OS},
  note         = "[Accès en ligne le 15 juin 2021]"
}

@misc{freertos,
  key          = {FreeRTOS},
  title        = {{FreeRTOS Real-time operating system for microcontrollers}},
  howpublished = "\url{https://freertos.org/index.html}",
  note         = "[Accès en ligne le 15 juin 2021]"
}

@misc{trickle:rfc,
	series =	{Request for Comments},
	number =	6206,
	howpublished =	{RFC 6206},
	publisher =	{RFC Editor},
	doi =		{10.17487/RFC6206},
	url =		{https://rfc-editor.org/rfc/rfc6206.txt},
        author =	{P Levis and Thomas H. Clausen and Omprakash Gnawali and Jonathan Huii and JeongGil Ko},
	title =		{{The Trickle Algorithm}},
	pagetotal =	13,
	year =		2011,
	month =		mar,
	abstract =	{The Trickle algorithm allows nodes in a lossy shared medium (e.g., low-power and lossy networks) to exchange information in a highly robust, energy efficient, simple, and scalable manner. Dynamically adjusting transmission windows allows Trickle to spread new information on the scale of link-layer transmission times while sending only a few messages per hour when information does not change. A simple suppression mechanism and transmission point selection allow Trickle's communication rate to scale logarithmically with density. This document describes the Trickle algorithm and considerations in its use. {[}STANDARDS-TRACK{]}},
}